<record xmlns="http://www.loc.gov/MARC21/slim">
   <leader>01216cam a2200337 a 4500</leader>
   <controlfield tag="001">1330013</controlfield>
   <controlfield tag="008">901019s1985    fr fa    b        0bfre d</controlfield>
   <datafield ind1=" " ind2=" " tag="010">
      <subfield code="a">   85224073</subfield>
   </datafield>
   <datafield ind1=" " ind2=" " tag="020">
      <subfield code="a">2262003521</subfield>
   </datafield>
   <datafield ind1=" " ind2=" " tag="035">
      <subfield code="a">ocm18192871</subfield>
   </datafield>
   <datafield ind1=" " ind2=" " tag="040">
      <subfield code="a">DLC</subfield>
      <subfield code="b">eng</subfield>
      <subfield code="c">DLC</subfield>
   </datafield>
   <datafield ind1=" " ind2=" " tag="043">
      <subfield code="a">e-fr---</subfield>
   </datafield>
   <datafield ind1=" " ind2=" " tag="049">
      <subfield code="a">AEU</subfield>
      <subfield code="b">eng</subfield>
   </datafield>
   <datafield ind1="0" ind2="0" tag="050">
      <subfield code="a">DC130.M78</subfield>
      <subfield code="b">D43 1985</subfield>
   </datafield>
   <datafield ind1="0" ind2=" " tag="082">
      <subfield code="a">944/.033/0924</subfield>
      <subfield code="a">B</subfield>
      <subfield code="2">19</subfield>
   </datafield>
   <datafield ind1="0" ind2=" " tag="090">
      <subfield code="a">DC 130 M77 D295 1985</subfield>
   </datafield>
   <datafield ind1="1" ind2=" " tag="100">
      <subfield code="a">Decker, Michel de.</subfield>
   </datafield>
   <datafield ind1="1" ind2="0" tag="245">
      <subfield code="a">Madame de Montespan, la grande sultane /</subfield>
      <subfield code="c">Michel de Decker.</subfield>
   </datafield>
   <datafield ind1=" " ind2=" " tag="260">
      <subfield code="a">Paris :</subfield>
      <subfield code="b">Perrin,</subfield>
      <subfield code="c">c1985.</subfield>
   </datafield>
   <datafield ind1=" " ind2=" " tag="300">
      <subfield code="a">256, [7] p., [16] p. of plates :</subfield>
      <subfield code="b">ill. ;</subfield>
      <subfield code="c">21 cm.</subfield>
   </datafield>
   <datafield ind1=" " ind2=" " tag="336">
      <subfield code="a">text</subfield>
      <subfield code="b">txt</subfield>
      <subfield code="2">rdacontent</subfield>
   </datafield>
   <datafield ind1=" " ind2=" " tag="337">
      <subfield code="a">unmediated</subfield>
      <subfield code="b">n</subfield>
      <subfield code="2">rdamedia</subfield>
   </datafield>
   <datafield ind1=" " ind2=" " tag="338">
      <subfield code="a">volume</subfield>
      <subfield code="b">nc</subfield>
      <subfield code="2">rdacarrier</subfield>
   </datafield>
   <datafield ind1="0" ind2=" " tag="490">
      <subfield code="a">Présence de l'histoire.</subfield>
   </datafield>
   <datafield ind1=" " ind2=" " tag="504">
      <subfield code="a">Bibliography: p. 255-[257]</subfield>
   </datafield>
   <datafield ind1=" " ind2=" " tag="596">
      <subfield code="a">38</subfield>
   </datafield>
   <datafield ind1="1" ind2="0" tag="600">
      <subfield code="a">Montespan, Françoise-Athénaïs de Rochechouart de Mortemart,</subfield>
      <subfield code="c">marquise de,</subfield>
      <subfield code="d">1641-1707.</subfield>
   </datafield>
   <datafield ind1="0" ind2="0" tag="600">
      <subfield code="a">Louis</subfield>
      <subfield code="b">XIV,</subfield>
      <subfield code="c">King of France,</subfield>
      <subfield code="d">1638-1715.</subfield>
   </datafield>
   <datafield ind1=" " ind2="0" tag="651">
      <subfield code="a">France</subfield>
      <subfield code="x">Court and courtiers</subfield>
      <subfield code="v">Biography.</subfield>
   </datafield>
   <datafield ind1=" " ind2="0" tag="651">
      <subfield code="a">France</subfield>
      <subfield code="x">Kings and rulers</subfield>
      <subfield code="x">Paramours</subfield>
      <subfield code="v">Biography.</subfield>
   </datafield>
   <datafield ind1=" " ind2=" " tag="926">
      <subfield code="a">DC 130 M77 D295 1985</subfield>
      <subfield code="w">LC</subfield>
      <subfield code="c">1</subfield>
      <subfield code="i">000034820795</subfield>
      <subfield code="l">ON_SHELF</subfield>
      <subfield code="m">UABARD</subfield>
      <subfield code="p">$150.00</subfield>
      <subfield code="r">Y</subfield>
      <subfield code="s">Y</subfield>
      <subfield code="t">BOOK</subfield>
      <subfield code="u">11/2/1990</subfield>
      <subfield code="o">.STAFF. A0064027</subfield>
   </datafield>
</record>
